@article{3YP:LORA_CSMA,
    title = {{Investigating and experimenting CSMA channel access mechanisms for LoRa IoT networks}},
    author = {Pham, Congduc},    
    doi = {10.1109/wcnc.2018.8376997},
    year = {2018},
    month = {01}
}

@article{3YP:SOUL,
author = {Varadharajan, Vivek and St-Onge, David and Adams, Bram and Beltrame, Giovanni},
year = {2018},
month = {12},
pages = {},
title = {SOUL: Data Sharing for Robot Swarms}
}

@article{3YP:DOPLER_EFFECT,
author = {Petajajarvi, Juha and Mikhaylov, Konstantin and Pettissalo, Marko and Janhunen, Janne and Iinatti, Jari},
year = {2017},
month = {03},
pages = {1--16},
title = {Performance of a low-power wide-area network based on LoRa technology: Doppler robustness, scalability, and coverage},
volume = {Vol. 13},
journal = {International Journal of Distributed Sensor Networks},
doi = {10.1177/1550147717699412}
}

@book{3YP:NETWORK_BOOK,
 author = {Peterson, Larry L. and Davie, Bruce S.},
 title = {Computer Networks: A Systems Approach, 3rd Edition},
 year = {2003},
 isbn = {155860832X},
 publisher = {Morgan Kaufmann Publishers Inc.},
} 

@book{3YP:RF_BOOK,
 author = {Seybold, J},
 title = {Introduction to RF Propagation},
 year = {2005},
 month = {9},
 isbn = {9780471743699},
 publisher = {John Wiley \& Sons Ltd},
} 

@book{3YP:ANTENNA_BOOK,
title = {{Antennas and Propagation for Wireless Communication}},
 author = {Saunders, Simon and Arag\'on-Zavala, Alejandro},
 publisher = {John Wiley \& Sons Ltd},
     isbn = {978-0-470-84879-1},
     year = 2007
}

@book{3YP:WSN_BOOK,
 title = {{Fundamentals of Wireless Sensor Networks: Theory and Practice}},
 author = {Waltenegus Dargie and Christian Poellabauer},
 publisher = {John Wiley \& Sons Ltd},
     isbn = {978-0-470-97568-8},
     year = 2010,
     month = 11
     
}

@article{3YP:LORA_RANGE_REVIEW,
author = {Marais, Jaco and Malekian, Reza and Abu-Mahfouz, Adnan},
year = {2017},
month = {09},
title = {{LoRa and LoRaWAN testbeds: A review}},
doi = {10.1109/AFRCON.2017.8095703}
}

@article{3YP:LORA_COLLISIONS,
author = {Jetmir Haxhibeqiri and Floris Van den Abeele and Ingrid Moerman and Jeroen Hoebeke},
year = {2017},
month = {05},
day = {23},
title = {{LoRa Scalability: A Simulation Model Based on Interference Measurements}},
DOI = {10.3390/s17061193}
}

@ARTICLE{3YP:PROP_MODELS, 
author={J. A. R. {Azevedo} and F. E. S. {Santos}}, 
journal={IEEE Transactions on Antennas and Propagation}, 
title={{An Empirical Propagation Model for Forest Environments at Tree Trunk Level}}, 
year={2011}, 
volume={59}, 
number={6}, 
pages={2357-2367}, 
doi={10.1109/TAP.2011.2143664}, 
month={June},
}

@article{3YP:DTNS, 
author={Y. {Cao} and Z. {Sun}}, 
journal={{IEEE Communications Surveys Tutorials}}, 
title={Routing in Delay/Disruption Tolerant Networks: A Taxonomy, Survey and Challenges}, 
year={2013},
month={05}, 
day={07}, 
volume={15}, 
number={2}, 
pages={654-677},
doi={10.1109/SURV.2012.042512.00053}
}

@article{3YP:COMBINING_MODELS,
	author = {{Sabri, N.} and {S, Mohammed S.} and {Fouad, Sarah} and {A, Syed A.} and {AL-Dhief, Fahad Taha} and {Raheemah, Auda}},
	title = {Investigation of Empirical Wave Propagation Models in Precision Agriculture},
	DOI= "10.1051/matecconf/201815006020",
	journal = {MATEC Web of Conferences},
	year = 2018,
	volume = 150,
}

@article{3YP:EMPIRICAL_MULTIPLIER,
  title={{Propagation of IEEE802.15.4 in Vegetation}},
  author={Pedro Mestre and Jos{\'e} Ribeiro and Carlos Ser{\^o}dio and Jo{\~a}o Monteiro},
  year={2011}
}


@rfc{3YP:MANET_RFC2501,
 author = {Corson, S. and Macker, J.},
 title = {Mobile Ad Hoc Networking (MANET): Routing Protocol Performance Issues and Evaluation Considerations},
 year = {1999},
 publisher = {RFC Editor},
} 

@article{3YP:ROUTING_ALGORITHMS,
title = {{A survey on routing algorithms for wireless Ad-Hoc and mesh networks}},
journal = {{Computer Networks}},
volume = {56},
number = {2},
pages = {940 -- 965},
year = {2012},
doi = {https://doi.org/10.1016/j.comnet.2011.10.011},
%url = "http://www.sciencedirect.com/science/article/pii/S138912861100377X",
author = {Eiman Alotaibi and Biswanath Mukherjee},
}

@article{3YP:MANET_RESEARCH_TRENDS,
author = {Singh, Sudha and C Dutta, S and Singh, Dharmendra},
year = {2019},
month = {04},
pages = {},
title = {{A study on Recent Research Trends in MANET}}
}

@manual{3YP:ETSI_HARMONISED_REG,
    title = {{ETSI EN 300 220-2 v3.1.1}},
    organization = {ETSI},
    year = {2016},
    month = {11},
    %url = "https://www.etsi.org/deliver/etsi_en/300200_300299/30022002/03.01.01_30/en_30022002v030101v.pdf",
    %urldate = {2019-04-6},
    note = {Legislation, Final Draft},
}

@manual{3YP:CEPT_ERC_REC,
    title = {{ERC Recommendation 70-03}},
    organization = {{CEPT ECC}},
    year = {2018},
    month = {10},
    %url = "https://www.ecodocdb.dk/download/25c41779-cd6e/Rec7003.pdf",
    %urldate = {2019-04-6},
}

@manual{3YP:ETSI_PSA,
    title = {{ETSI EN 300 220-1 v3.1.1}},
    organization = {ETSI},
    year = {2017},
    month = {02},
    %url = "https://www.etsi.org/deliver/etsi_en/300200_300299/30022001/03.01.01_60/en_30022001v030101p.pdf",
    %urldate = {2019-04-6},
    note = {Legislation, Final Draft},
}


@manual{3YP:FCC_433,
	title = {{C.F.R. 47 § 15.231}},
	organization = {FCC},
	year = {2008},
	month = {10},
	day = {1}
}

@manual{3YP:FCC_900,
	title = {{C.F.R. 47 § 2.106}},
	organization = {FCC},
	year = {2018},
	month = {10},
	day = {05}
}

@manual{3YP:LORAWAN,
    title = {{LoRaWAN 1.1}},
    organization = "{Lora Alliance}",
    year = {2017},
    month = {10},
    day = {11},
    %url = "https://lora-alliance.org/sites/default/files/2018-04/lorawantm_specification_-v1.1.pdf",
    %urldate = {2018-12-6},
    note = {Specification, Final Release},
}

@manual{3YP:LORAWAN_REGIONAL_PARAMS,
    title = {{LoRaWAN 1.1 Regional Parameters}},
    organization = "{Lora Alliance}",
    year = {2018},
    month = {01},
    %url = "https://lora-alliance.org/sites/default/files/2018-04/lorawantm_regional_parameters_v1.1rb_-_final.pdf",
    %urldate = {2019-04-6},
    note = {Specification, Final Release, Rev B},
}


@manual{3YP:LORAWAN_MULTICAST,
    title = {{LoRaWAN Remote Multicast Setup Specification}},
    organization = "{Lora Alliance}",
    year = {2018},
    month = {10},
    day = {10},
    %url = "https://lora-alliance.org/sites/default/files/2018-09/remote_multicast_setup_v1.0.0.pdf",
    %urldate = {2018-12-9},
    note = {White Paper, Final Release},
}

@article{3YP:LORAWAN_MESH,
author = {Lundell, Daniel and Hedberg, Anders and Nyberg, Christian and Fitzgerald, Emma},
year = {2018},
month = {06},
pages = {14--19},
title = {{A Routing Protocol for LoRA Mesh Networks}},
doi = {10.1109/WoWMoM.2018.8449743}
}


@manual{3YP:LINK_LABS_SYMPHONY,
    title = {{Symphony Link vs LoRaWAN}},
    organization = "{Link Labs}",
    %url = "https://www.link-labs.com/whitepaper-symphony-link-vs-lorawan",
    %urldate = {2018-12-4},
    note = {White Paper},
}

@article{3YP:LORA_PERFORMANCE,
    title = {{LoRa protocol. Evaluations, limitations and practical test}},
    author = {Ruano, Eduardo},
    year = {2016},
    month = {05},
    day = {11},
    %url = "https://upcommons.upc.edu/handle/2117/98853",
    %urldate = {2018-12-6},
}

@manual{3YP:LORA_MOD_BASICS,
    title = {{AN1200.22 - LoRa Modulation Basics}},
    organization = {Semtech},
    %url = {https://www.semtech.com/uploads/documents/an1200.22.pdf},
    year = {2015},
    month = {05},
    %urldate = {2018-12-6},
    note = {White Paper, Rev. 2},
}

@manual{3YP:LORA_CAD,
    title = {{AN1200.21 - Reading channel RSSI during a CAD}},
    organization = {Semtech},
    %url = {https://www.semtech.com/uploads/documents/an1200.21_std.pdf},
    year = {2014},
    month = {10},
    %urldate = {2018-12-6},
    note = {White Paper, Rev. 1},
}

@manual{3YP:LORA_SX12,
    title = {{SX1276/77/78/79 Datasheet}},
    organization = {Semtech},
    %url = {https://www.semtech.com/uploads/documents/DS_SX1276-7-8-9_W_APP_V6.pdf},
    year = {2019},
    month = {01},
    %urldate = {2019-04-04},
    note = {Rev. 6},
}

@manual{3YP:LORA_SX1301,
    title = {{SX1301 Datasheet}},
    organization = {Semtech},
    %url = {https://www.semtech.com/uploads/documents/sx1301.pdf},
    year = {2017},
    month = {06},
    %urldate = {2019-04-05},
    note = {Rev. 2.4},
}

@book{3YP:NATURAL_SWARM_INTELLIGENCE,
 author = {Bonabeau, Eric and Dorigo, Marco and Theraulaz, Guy},
 title = {{From Natural to Artificial Swarm Intelligence}},
 year = {1999},
 isbn = {0195131584},
 publisher = {Oxford University Press, Inc.},
 address = {New York, NY, USA},
} 


@article{3YP:RESEARCH_SWARM_ROBOTICS,
author = {Ying Tan and Zhong Zheng},
title = {{Research Advance in Swarm Robotics}},
journal = {{"Defence Technology"}},
volume = "9",
number = "1",
pages = "18--39",
year = "2013",
doi = "https://doi.org/10.1016/j.dt.2013.03.001",
%url = "http://www.sciencedirect.com/science/article/pii/S221491471300024X",
keywords = "Swarm robotics, Cooperative control, Modeling, Simulation, Swarm intelligence",
}

@ARTICLE{3YP:OBSTACLE_SWARMS, 
author={F. Mondada and L. M. Gambardella and D. Floreano and S. Nolfi and J. -. Deneuborg and M. Dorigo}, 
journal={{IEEE Robotics Automation Magazine}}, 
title={{The cooperation of swarm-bots: physical interactions in collective robotics}}, 
year={2005}, 
volume={12}, 
number={2}, 
pages={21--28}, 
doi={10.1109/MRA.2005.1458313},
month={6},}

@article{3YP:LIMITS_OF_LORAWAN,
author = {Adelantado, Ferran and Vilajosana, Xavier and Tuset-Peiro, Pere and Martinez, Borja and Melià-Seguí, Joan and Watteyne, Thomas},
year = {2017},
month = {06},
title = {{Understanding the limits of LoRaWAN}},
volume = {55},
journal = {{IEEE Communications Magazine}},
doi = {10.1109/MCOM.2017.1600613}
}

@article {3YP:LORA_FOR_IOT,
   author = {M. Bor and J. Vidler and U. Roedig},
   title = {{LoRa for the Internet of Things}},
   year = {2016},
   month = {02},
   publisher = {{Lancaster University}},
   %url = {http://eprints.lancs.ac.uk/77615/1/MadCom2016_LoRa_MAC.pdf},
   year = {2016},
	month = {02},
	pages = {361-366},
	journal = {EWSN}
}

@article {3YP:SELF_ASSEMBLY,
	author = {Rubenstein, Michael and Cornejo, Alejandro and Nagpal, Radhika},
	title = {{Programmable self-assembly in a thousand-robot swarm}},
	volume = {345},
	number = {6198},
	pages = {795--799},
	year = {2014},
	doi = {10.1126/science.1254295},
	publisher = {American Association for the Advancement of Science},
	%url = {http://science.sciencemag.org/content/345/6198/795.full.pdf},
	journal = {Science}
}

@INPROCEEDINGS{Ducatelle:2011:Pathfinding, 
author={F. Ducatelle and G. A. Di Caro and C. Pinciroli and F. Mondada and L. Gambardella}, 
booktitle={{2011 IEEE/RSJ International Conference on Intelligent Robots and Systems}}, 
title={{Communication assisted navigation in robotic swarms: Self-organization and cooperation}}, 
year={2011}, 
volume={}, 
number={}, 
pages={4981-4988}, 
keywords={multi-robot systems;path planning;radio networks;communication assisted navigation;robotic swarms;self-organization;cooperation;communication based navigation algorithm;wireless network;Navigation;Robot kinematics;Entropy;Delay;Organizations}, 
doi={10.1109/IROS.2011.6094454},
month={9},}

@article{3YP:STUDY_OF_LORA,
author = {Augustin, Aloÿs and Yi, Jiazi and Clausen, Thomas Heide and Townsley, William},
year = {2016},
month = {10},
pages = {1466},
title = {{A Study of LoRa: Long Range \& Low Power Networks for the Internet of Things}},
volume = {16},
journal = {Sensors},
doi = {10.3390/s16091466}
}

@INPROCEEDINGS{3YP:CHOOSING_LORA_PARAMETERS, 
author={M. Bor and U. Roedig}, 
booktitle={{2017 13th International Conference on Distributed Computing in Sensor Systems (DCOSS)}}, 
title={{LoRa Transmission Parameter Selection}}, 
year={2017}, 
volume={}, 
number={}, 
pages={27--34}, 
doi={10.1109/DCOSS.2017.10},
month={06},}

@ARTICLE{3YP:FLOCK_4, 
author={J. Fink and A. Ribeiro and V. Kumar}, 
journal={{Proceedings of the IEEE}}, 
title={{Robust Control for Mobility and Wireless Communication in Cyber–Physical Systems With Application to Robot Teams}}, 
year={2012}, 
volume={100}, 
number={1}, 
pages={164--178}, 
month={01},}

@INPROCEEDINGS{3YP:FLOCK_3, 
author={Mong Hsieh and A. Cowley and V. Kumar and C. J. Taylor}, 
booktitle={{Proceedings 2006 IEEE International Conference on Robotics and Automation, 2006. ICRA 2006.}}, 
title={{Towards the deployment of a mobile robot network with end-to-end performance guarantees}}, 
year={2006}, 
volume={}, 
number={}, 
pages={2085--2090}, 
doi={10.1109/ROBOT.2006.1642012},
month={05},}

@INPROCEEDINGS{3YP:FLOCK_2, 
author={M. M. Zavlanos and A. Jadbabaie and G. J. Pappas}, 
booktitle={{2007 46th IEEE Conference on Decision and Control}}, 
title={{Flocking while preserving network connectivity}}, 
year={2007}, 
volume={}, 
number={}, 
pages={2919--2924},
doi={10.1109/CDC.2007.4434530},
month={12},}


@INPROCEEDINGS{3YP:FLOCK_1, 
author={J. M. Esposito and T. W. Dunbar}, 
booktitle={{Proceedings 2006 IEEE International Conference on Robotics and Automation, 2006. ICRA 2006.}}, 
title={{Maintaining wireless connectivity constraints for swarms in the presence of obstacles}}, 
year={2006}, 
volume={}, 
number={}, 
pages={946--951},
month={05},}


@article{3YP:DUTY_CYCLES,
    title = {{Duty Cycle for LoRaWAN Devices}},
    publisher = {The Things Network},
    %url = {https://www.thethingsnetwork.org/docs/lorawan/duty-cycle.html},
    year = {2018},
    month = {12},

    %urldate = {2018-12-8},
}

@ARTICLE{3YP:LORAWAN_SLOTTED,
       author = {{Polonelli}, Tommaso and {Brunelli}, Davide and {Benini}, Luca},
        title = {{Slotted ALOHA Overlay on LoRaWAN: a Distributed Synchronization Approach}},
         year = 2018,
        month = 09,
}

@ARTICLE{3YP:LPWAN_OVERVIEW , 
author={U. Raza and P. Kulkarni and M. Sooriyabandara}, 
journal={IEEE Communications Surveys Tutorials}, 
title={{Low Power Wide Area Networks: An Overview}}, 
year={2017}, 
volume={19}, 
number={2}, 
pages={855--873}, 
doi={10.1109/COMST.2017.2652320},
month={01},}

@INPROCEEDINGS{3YP:LORAWAN_ADR , 
author={V. Hauser and T. Hégr}, 
booktitle={2017 IEEE 5th International Conference on Future Internet of Things and Cloud (FiCloud)}, 
title={{Proposal of Adaptive Data Rate Algorithm for LoRaWAN-Based Infrastructure}}, 
year={2017}, 
volume={}, 
number={}, 
pages={85--90},
doi={10.1109/FiCloud.2017.47},
month={08},}

@article{3YP:LORAWAN_ADR_AGILITY,
author = {Li, Shengyang and Raza, Usman and Khan, Aftab},
year = {2018},
month = {08},
title = {{How Agile is the Adaptive Data Rate Mechanism of LoRaWAN?}},
%url={https://arxiv.org/pdf/1808.09286.pdf},
%urldate = {2018-12-8},
}

@article{3YP:LORWAN_WILD_MEASUREMENTS,
  title={{LoRaWAN in the Wild: Measurements from The Things Network}},
  author={Norbert Blenn and Fernando A. Kuipers},
  journal={CoRR},
  year={2017},
  volume={abs/1706.03086}
}

@inproceedings{3YP:LORAWAN_PACKET_LOSS_ANAL,
author = {Ferre, Guillaume},
year = {2017},
month = {08},
pages = {2586--2590},
title = {{Collision and packet loss analysis in a LoRaWAN network}},
doi = {10.23919/EUSIPCO.2017.8081678}
}



